@Book{funktionaleAnforderungen,
  author    = {S. Kleuker},
  publisher = {Springer Vieweg Verlag},
  title     = {Grundkurs Software-Engineering mit UML: Der pragmatische Weg zu erfolgreichen Softwareprojekten},
  year      = {2018},
  note      = {Wiesbaden, Deutschland},
  pages     = {73-82},
}

@Online{libcamera1,
  title   = {Documentation},
  url     = {https://libcamera.org/docs.html},
  urldate = {2024-01-25},
  year    = {2023},
}

@Online{libcamera2,
  title   = {Libcamera Documentation Author FAQ`s},
  url     = {https://libcamera.org/faq.html},
  urldate = {2024-01-25},
  year    = {2023},
}

@Online{6mmhq,
  title   = {6mm Weitwinkelobjektiv für HQ Kamera},
  url     = {https://buyzero.de/products/6mm-weitwinkelobjektiv-fur-hq-kamera-6mm-wide-angle-lens-for-hq-camera},
  urldate = {2024-01-25},
  year    = {2024},
}

@Online{hqcam,
  title   = {Raspberry Pi Documentation - Camera},
  url     = {https://www.raspberrypi.com/documentation/accessories/camera.html},
  urldate = {2024-01-25},
  year    = {2024},
}

@Online{h264,
  author  = {L. Pounder},
  title   = {How To Use Raspberry Pi Cameras with Bullseye},
  url     = {https://www.tomshardware.com/how-to/use-raspberry-pi-camera-with-bullseye},
  urldate = {2024-01-25},
  year    = {2021},
}

@Online{h264Encoder,
  author  = {A. Whittacker},
  title   = {Raspberry Pi Camera Module: More on video capture},
  url     = {https://www.raspberrypi.com/news/raspberry-pi-camera-module-more-on-video-capture/},
  urldate = {2024-01-25},
  year    = {2023},
}

@Online{streaming,
  title   = {What is streaming? | How video streaming works},
  url     = {https://www.cloudflare.com/learning/video/what-is-streaming/},
  urldate = {2024-01-25},
  year    = {2023},
}

@Online{opencv,
  title   = {Introduction},
  url     = {https://docs.opencv.org/4.x/d1/dfb/intro.html},
  urldate = {2024-01-26},
  year    = {2024},
}

@Online{ros2,
  title   = {ROS 2 Documentation},
  url     = {https://docs.ros.org/en/galactic/index.html},
  urldate = {2024-01-26},
  year    = {2024},
}

@Online{opencvvideo,
  title   = {Getting Started with Videos},
  url     = {https://docs.opencv.org/4.x/dd/d43/tutorial_py_video_display.html},
  urldate = {2024-01-26},
  year    = {2024},
}

@Online{opencvmat,
  title   = {Mat - The Basic Image Container},
  url     = {https://docs.opencv.org/3.4/d6/d6d/tutorial_mat_the_basic_image_container.html},
  urldate = {2024-01-26},
  year    = {2024},
}

@Online{cvbridge,
  title   = {Package Summary},
  url     = {https://wiki.ros.org/cv_bridge},
  urldate = {2024-01-26},
  year    = {2010},
}

@Online{rpios,
  title   = {Raspberry Pi OS},
  url     = {https://www.raspberrypi.com/software/},
  urldate = {2024-01-26},
  year    = {2023},
}

@Online{rpicamvid,
  title   = {Raspberry Pi Documentation - Camera software},
  url     = {https://www.raspberrypi.com/documentation/computers/camera_software.html},
  urldate = {2024-01-27},
  year    = {2024},
}

@Online{ros2bag,
  title   = {ros2 bag – Save and Replay Topic Data},
  url     = {https://roboticsbackend.com/ros2-bag-save-and-replay-topic-data/},
  urldate = {2024-01-29},
  year    = {2023},
}

@Online{mounting,
  title   = {Raspberry Pi Mounting Plate for High Quality Camera},
  url     = {https://thepihut.com/products/mounting-plate-for-high-quality-camera},
  urldate = {2024-03-02},
  year    = {2024},
}

@Online{imager,
  title   = {Raspberry Pi Imager},
  url     = {https://www.raspberrypi.com/software/},
  urldate = {2024-03-02},
  year    = {2024},
}

@Online{ssh,
  title   = {SSH Command - Usage, Options, Configuration},
  url     = {https://www.ssh.com/academy/ssh/command},
  urldate = {2024-03-02},
  year    = {2023},
}

@Online{iframe,
  author  = {Nico Detmar},
  title   = {Was ist ein iFrame? Einfach erklärt},
  url     = {https://www.ssh.com/academy/ssh/command},
  urldate = {2024-03-02},
  year    = {2019},
}

@Online{mad2,
  title   = {Git-Repository für MAD2},
  url     = {https://github.com/modbas/mad2},
  urldate = {2024-04-01},
  year    = {2024},
}

@Online{copilot,
  title   = {Microsoft Copilot: Künstliche Intelligenz als Begleiter},
  url     = {https://copilot.microsoft.com/?wlexpsignin=1},
  urldate = {2024-04-01},
  year    = {2024},
}

@Comment{jabref-meta: databaseType:bibtex;}
